@ARTICLE{ica2020,
  title={Применение метода независимых компонент для определения начального приближения при поиске активных модулей в биологических графах},
  author={Гайнуллина, АН and Сухов, ВД and Шалыто, АА and Сергушичев, АА},
  journal={Научно-технический вестник информационных технологий, механики и оптики},
  volume={20},
  number={6},
  pages={888--892},
  year={2020},
  publisher={федеральное государственное автономное образовательное учреждение высшего образования Санкт-Петербургский национальный исследовательский университет информационных технологий, механики и оптики},
  language = {russian},
  authorvak = {true},
}

@ARTICLE{alexeev2020markov,
  title={Markov chain Monte Carlo for active module identification problem},
  author={Alexeev, Nikita and Isomurodov, Javlon and Sukhov, Vladimir and Korotkevich, Gennady and Sergushichev, Alexey},
  journal={BMC bioinformatics},
  volume={21},
  number={6},
  pages={1--20},
  year={2020},
  publisher={Springer},
  language = {english},
  authorscopus = {true},
  authorwos = {true},
}

@CONFERENCE{kmu_rints_2019,
  title={Вычисление близких к нулю P-значений при анализе представленности функциональных наборов генов},
  author={Сухов, В.Д. and Короткевич, Г.В. and Сергушичев, А.А.},
  booktitle = {Сборник трудов VIII конгресса молодых ученых},
  year = {2019},
  language = {russian},
  authorconf = {true},
}

@CONFERENCE{spisok_2019,
  title={Оценка произвольно малых P-значений в тесте представленности функциональных наборов генов},
  author={Сухов, В.Д. and Короткевич, Г.В. and Сергушичев, А.А.},
  booktitle = {Сборник материалов конференции СПИСОК-2019},
  year = {2019},
  language = {russian},
  authorconf = {true},
}

@CONFERENCE{kmu_2019,
  title={Адаптивный многоуровневый подход Монте-Карло для задачи функционального анализа представленности генов},
  author={Сухов, В.Д. and Короткевич, Г.В. and Сергушичев, А.А.},
  booktitle = {Сборник тезисов докладов конгресса молодых ученых},
  year = {2019},
  language = {russian},
  authorconf = {true},
}

@CONFERENCE{mccmb_2019,
  title={Rare-event probability estimation in the functional gene set enrichment analysis},
  author={Sukhov, V.D. and Korotkevich, G.V. and Sergushichev, A.A.},
  booktitle = {MCCMB 2019: Proceedings},
  year = {2019},
  language = {english},
  authorconf = {true},
}

@CONFERENCE{cshl_2020,
  title={FGSEA: fast gene set enrichment analysis},
  author={Korotkevich, G. and Sukhov, V. and Shpak B. and Sergushichev, A.},
  booktitle = {CSHL Meeting on Biological Data Science 2020},
  year = {2020},
  language = {english},
  authorconf = {true},
}

@CONFERENCE{mccmb_2021_fgsea,
  title={Fast gene set enrichment analysis with multi-level Monte-Carlo approach},
  author={Korotkevich, G. and Sukhov, V. and Budin, N. and Shpak, B. and Artyomov, M. and Sergushichev, A.},
  booktitle = {MCCMB 2021: Proceedings},
  year = {2021},
  language = {english},
  authorconf = {true},
}

@CONFERENCE{mccmb_2021_geseca,
  title={Gene Set Co-regulation Analysis},
  author={Sukhov, V. and Artyomov, M. and Sergushichev, A.},
  booktitle = {MCCMB 2021: Proceedings},
  year = {2021},
  language = {english},
  authorconf = {true},
}
